@article {1,
	author = {Platzman, P. M. and Dykman, M. I.},
	title = {Quantum Computing with Electrons Floating on Liquid Helium},
	volume = {284},
	number = {5422},
	pages = {1967--1969},
	year = {1999},
	doi = {10.1126/science.284.5422.1967},
	publisher = {American Association for the Advancement of Science},
	issn = {0036-8075},
	URL = {https://science.sciencemag.org/content/284/5422/1967},
	eprint = {https://science.sciencemag.org/content/284/5422/1967.full.pdf},
	journal = {Science}
}

@article{2,
  title = {Qubits with electrons on liquid helium},
  author = {Dykman, M. I. and Platzman, P. M. and Seddighrad, P.},
  journal = {Phys. Rev. B},
  volume = {67},
  issue = {15},
  pages = {155402},
  numpages = {15},
  year = {2003},
  month = {Apr},
  publisher = {American Physical Society},
  doi = {10.1103/PhysRevB.67.155402},
  url = {https://link.aps.org/doi/10.1103/PhysRevB.67.155402}
}

@article{Lyon,
  title = {Spin-based quantum computing using electrons on liquid helium},
  author = {Lyon, S. A.},
  journal = {Phys. Rev. A},
  volume = {74},
  issue = {5},
  pages = {052338},
  numpages = {6},
  year = {2006},
  month = {Nov},
  publisher = {American Physical Society},
  doi = {10.1103/PhysRevA.74.052338},
  url = {https://link.aps.org/doi/10.1103/PhysRevA.74.052338}
}

@article{4,
  title = {Proposal for Manipulating and Detecting Spin and Orbital States of Trapped Electrons on Helium Using Cavity Quantum Electrodynamics},
  author = {Schuster, D. I. and Fragner, A. and Dykman, M. I. and Lyon, S. A. and Schoelkopf, R. J.},
  journal = {Phys. Rev. Lett.},
  volume = {105},
  issue = {4},
  pages = {040503},
  numpages = {4},
  year = {2010},
  month = {Jul},
  publisher = {American Physical Society},
  doi = {10.1103/PhysRevLett.105.040503},
  url = {https://link.aps.org/doi/10.1103/PhysRevLett.105.040503}
}
